
% Journals

% First the Full Name is given, then the abbreviation used in the AMS Math
% Reviews, with an indication if it could not be found there.
% Note the 2nd overwrites the 1st, so swap them if you want the full name.

 %{AMS}
 @String{AMSTrans = "American Mathematical Society Translations" }
 @String{AMSTrans = "Amer. Math. Soc. Transl." }
 @String{BullAMS = "Bulletin of the American Mathematical Society" }
 @String{BullAMS = "Bull. Amer. Math. Soc." }
 @String{ProcAMS = "Proceedings of the American Mathematical Society" }
 @String{ProcAMS = "Proc. Amer. Math. Soc." }
 @String{TransAMS = "Transactions of the American Mathematical Society" }
 @String{TransAMS = "Trans. Amer. Math. Soc." }

 %ACM
 @String{CACM = "Communications of the {ACM}" }
 @String{CACM = "Commun. {ACM}" }
 @String{CompServ = "Comput. Surveys" }
 @String{JACM = "J. ACM" }
 @String{ACMMathSoft = "{ACM} Transactions on Mathematical Software" }
 @String{ACMMathSoft = "{ACM} Trans. Math. Software" }
 @String{SIGNUM = "{ACM} {SIGNUM} Newsletter" }
 @String{SIGNUM = "{ACM} {SIGNUM} Newslett." }

 @String{AmerSocio = "American Journal of Sociology" }
 @String{AmerStatAssoc = "Journal of the American Statistical Association" }
 @String{AmerStatAssoc = "J. Amer. Statist. Assoc." }
 @String{ApplMathComp = "Applied Mathematics and Computation" }
 @String{ApplMathComp = "Appl. Math. Comput." }
 @String{AmerMathMonthly = "American Mathematical Monthly" }
 @String{AmerMathMonthly = "Amer. Math. Monthly" }
 @String{BIT = "{BIT}" }
 @String{BritStatPsych = "British Journal of Mathematical and Statistical
          Psychology" }
 @String{BritStatPsych = "Brit. J. Math. Statist. Psych." }
 @String{CanMathBull = "Canadian Mathematical Bulletin" }
 @String{CanMathBull = "Canad. Math. Bull." }
 @String{CompApplMath = "Journal of Computational and Applied Mathematics" }
 @String{CompApplMath = "J. Comput. Appl. Math." }
 @String{CompPhys = "Journal of Computational Physics" }
 @String{CompPhys = "J. Comput. Phys." }
 @String{CompStruct = "Computers and Structures" }
 @String{CompStruct = "Comput. \& Structures" }
 @String{CompJour = "The Computer Journal" }
 @String{CompJour = "Comput. J." }
 @String{CompSysSci = "Journal of Computer and System Sciences" }
 @String{CompSysSci = "J. Comput. System Sci." }
 @String{Computing = "Computing" }
 @String{ContempMath = "Contemporary Mathematics" }
 @String{ContempMath = "Contemp. Math." }
 @String{Crelle = "Crelle's Journal" }
 @String{GiornaleMath = "Giornale di Mathematiche" }
 @String{GiornaleMath = "Giorn. Mat." } % didn't find in AMS MR., ibid.

 %IEEE
 @String{Computer = "{IEEE} Computer" }
 @String{IEEETransComp = "{IEEE} Transactions on Computers" }
 @String{IEEETransComp = "{IEEE} Trans. Comput." }
 @String{IEEETransAC = "{IEEE} Transactions on Automatic Control" }
 @String{IEEETransAC = "{IEEE} Trans. Automat. Control" }
 @String{IEEESpec = "{IEEE} Spectrum" } % didn't find in AMS MR
 @String{ProcIEEE = "Proceedings of the {IEEE}" }
 @String{ProcIEEE = "Proc. {IEEE}" } % didn't find in AMS MR
 @String{IEEETransAeroElec = "{IEEE} Transactions on Aerospace and Electronic
     Systems" }
 @String{IEEETransAeroElec = "{IEEE} Trans. Aerospace Electron. Systems" }

 @String{IMANumerAna = "{IMA} Journal of Numerical Analysis" }
 @String{IMANumerAna = "{IMA} J. Numer. Anal." }
 @String{InfProcLet = "Information Processing Letters" }
 @String{InfProcLet = "Inform. Process. Lett." }
 @String{InstMathApp = "Journal of the Institute of Mathematics and
     its Applications" }
 @String{InstMathApp = "J. Inst. Math. Appl." }
 @String{IntControl = "International Journal of Control" }
 @String{IntControl = "Internat. J. Control" }
 @String{IntNumerEng = "International Journal for Numerical Methods in
     Engineering" }
 @String{IntNumerEng = "Internat. J. Numer. Methods Engrg." }
 @String{IntSuper = "International Journal of Supercomputing Applications" }
 @String{IntSuper = "Internat. J. Supercomputing Applic." } % didn't find
%% in AMS MR
 @String{Kibernetika = "Kibernetika" }
 @String{JResNatBurStand = "Journal of Research of the National Bureau
     of Standards" }
 @String{JResNatBurStand = "J. Res. Nat. Bur. Standards" }
 @String{LinAlgApp = "Linear Algebra and its Applications" }
 @String{LinAlgApp = "Linear Algebra Appl." }
 @String{MathAnaAppl = "Journal of Mathematical Analysis and Applications" }
 @String{MathAnaAppl = "J. Math. Anal. Appl." }
 @String{MathAnnalen = "Mathematische Annalen" }
 @String{MathAnnalen = "Math. Ann." }
 @String{MathPhys = "Journal of Mathematical Physics" }
 @String{MathPhys = "J. Math. Phys." }
 @String{MathComp = "Mathematics of Computation" }
 @String{MathComp = "Math. Comp." }
 @String{MathScand = "Mathematica Scandinavica" }
 @String{MathScand = "Math. Scand." }
 @String{TablesAidsComp = "Mathematical Tables and Other Aids to Computation" }
 @String{TablesAidsComp = "Math. Tables Aids Comput." }
 @String{NumerMath = "Numerische Mathematik" }
 @String{NumerMath = "Numer. Math." }
 @String{PacificMath = "Pacific Journal of Mathematics" }
 @String{PacificMath = "Pacific J. Math." }
 @String{ParDistComp = "Journal of Parallel and Distributed Computing" }
 @String{ParDistComp = "J. Parallel and Distrib. Comput." } % didn't find
%% in AMS MR
 @String{ParComputing = "Parallel Computing" }
 @String{ParComputing = "Parallel Comput." }
 @String{PhilMag = "Philosophical Magazine" }
 @String{PhilMag = "Philos. Mag." }
 @String{ProcNAS = "Proceedings of the National Academy of Sciences
                    of the USA" }
 @String{ProcNAS = "Proc. Nat. Acad. Sci. U. S. A." }
 @String{Psychometrika = "Psychometrika" }
 @String{QuartMath = "Quarterly Journal of Mathematics, Oxford, Series (2)" }
 @String{QuartMath = "Quart. J. Math. Oxford Ser. (2)" }
 @String{QuartApplMath = "Quarterly of Applied Mathematics" }
 @String{QuartApplMath = "Quart. Appl. Math." }
 @String{RevueInstStat = "Review of the International Statisical Institute" }
 @String{RevueInstStat = "Rev. Inst. Internat. Statist." }

 %SIAM
 @String{JSIAM = "Journal of the Society for Industrial and Applied
     Mathematics" }
 @String{JSIAM = "J. Soc. Indust. Appl. Math." }
 @String{JSIAMB = "Journal of the Society for Industrial and Applied
     Mathematics, Series B, Numerical Analysis" }
 @String{JSIAMB = "J. Soc. Indust. Appl. Math. Ser. B Numer. Anal." }
 @String{SIAMAlgMeth = "{SIAM} Journal on Algebraic and Discrete Methods" }
 @String{SIAMAlgMeth = "{SIAM} J. Algebraic Discrete Methods" }
 @String{SIAMAppMath = "{SIAM} Journal on Applied Mathematics" }
 @String{SIAMAppMath = "{SIAM} J. Appl. Math." }
 @String{SIAMComp = "{SIAM} Journal on Computing" }
 @String{SIAMComp = "{SIAM} J. Comput." }
 @String{SIAMMatrix = "{SIAM} Journal on Matrix Analysis and Applications" }
 @String{SIAMMatrix = "{SIAM} J. Matrix Anal. Appl." }
 @String{SIAMNumAnal = "{SIAM} Journal on Numerical Analysis" }
 @String{SIAMNumAnal = "{SIAM} J. Numer. Anal." }
 @String{SIAMReview = "{SIAM} Review" }
 @String{SIAMReview = "{SIAM} Rev." }
 @String{SIAMSciStat = "{SIAM} Journal on Scientific and Statistical
     Computing" }
 @String{SIAMSciStat = "{SIAM} J. Sci. Statist. Comput." }

 @String{SoftPracExp = "Software Practice and Experience" }
 @String{SoftPracExp = "Software Prac. Experience" } % didn't find in AMS MR
 @String{StatScience = "Statistical Science" }
 @String{StatScience = "Statist. Sci." }
 @String{Techno = "Technometrics" }
 @String{USSRCompMathPhys = "{USSR} Computational Mathematics and Mathematical
     Physics" }
 @String{USSRCompMathPhys = "{U. S. S. R.} Comput. Math. and Math. Phys." }
 @String{VLSICompSys = "Journal of {VLSI} and Computer Systems" }
 @String{VLSICompSys = "J. {VLSI} Comput. Syst." }
 @String{ZAngewMathMech = "Zeitschrift fur Angewandte Mathematik und
     Mechanik" }
 @String{ZAngewMathMech = "Z. Angew. Math. Mech." }
 @String{ZAngewMathPhys = "Zeitschrift fur Angewandte Mathematik und Physik" }
 @String{ZAngewMathPhys = "Z. Angew. Math. Phys." }

% Publishers % ================================================= |

 @String{Academic = "Academic Press" }
 @String{ACMPress = "{ACM} Press" }
 @String{AdamHilger = "Adam Hilger" }
 @String{AddisonWesley = "Addison-Wesley" }
 @String{AllynBacon = "Allyn and Bacon" }
 @String{AMS = "American Mathematical Society" }
 @String{Birkhauser = "Birkha{\"u}ser" }
 @String{CambridgePress = "Cambridge University Press" }
 @String{Chelsea = "Chelsea" }
 @String{ClaredonPress = "Claredon Press" }
 @String{DoverPub = "Dover Publications" }
 @String{Eyolles = "Eyolles" }
 @String{HoltRinehartWinston = "Holt, Rinehart and Winston" }
 @String{Interscience = "Interscience" }
 @String{JohnsHopkinsPress = "The Johns Hopkins University Press" }
 @String{JohnWileySons = "John Wiley and Sons" }
 @String{Macmillan = "Macmillan" }
 @String{MathWorks = "The Math Works Inc." }
 @String{McGrawHill = "McGraw-Hill" }
 @String{NatBurStd = "National Bureau of Standards" }
 @String{NorthHolland = "North-Holland" }
 @String{OxfordPress = "Oxford University Press" }  %address Oxford or London?
 @String{PergamonPress = "Pergamon Press" }
 @String{PlenumPress = "Plenum Press" }
 @String{PrenticeHall = "Prentice-Hall" }
 @String{SIAMPub = "{SIAM} Publications" }
 @String{Springer = "Springer-Verlag" }
 @String{TexasPress = "University of Texas Press" }
 @String{VanNostrand = "Van Nostrand" }
 @String{WHFreeman = "W. H. Freeman and Co." }

%Entries

@Article{Abril07,
  author        = "Patricia S. Abril and Robert Plant",
  title         = "The patent holder's dilemma: Buy, sell, or troll?",
  journal       = "Communications of the ACM",
  volume        = "50",
  number        = "1",
  month         = jan,
  year          = "2007",
  pages         = "36--44",
  doi           = "10.1145/1188913.1188915",
  url           = "http://doi.acm.org/10.1145/1219092.1219093",
  note          = "",
}

@Article{Cohen07,
  author        = "Sarah Cohen and Werner Nutt and Yehoshua Sagic",
  title         = "Deciding equivalances among conjunctive aggregate queries",
  journal       = JACM,
  articleno     = 5,
  numpages      = 50,
  volume        = 54,
  number        = 2,
  month         = apr,
  year          = 2007,
  doi           = "10.1145/1219092.1219093",
  url           = "http://doi.acm.org/10.1145/1219092.1219093",
  acmid         = 1219093,
}


@periodical{JCohen96,
  key =          "Cohen",
  editor =       "Jacques Cohen",
  title =        "Special issue: Digital Libraries",
  journal =      CACM,
  volume =       "39",
  number =       "11",
  month =        nov,
  year =         "1996",
}


@Book{Kosiur01,
  author =       "David Kosiur",
  title =        "Understanding Policy-Based Networking",
  publisher =    "Wiley",
  year =         "2001",
  address =      "New York, NY",
  edition =      "2nd.",
  editor =       "",
  volume =       "",
  number =       "",
  series =       "",
  month =        "",
  note =         "",
}


@Book{Harel79,
  author =       "David Harel",
  year =         "1979",
  title =        "First-Order Dynamic Logic",
  series =       "Lecture Notes in Computer Science",
  volume =       "68",
  address =      "New York, NY",
  publisher =    "Springer-Verlag",
  doi =          "10.1007/3-540-09237-4",
  url =          "http://dx.doi.org/10.1007/3-540-09237-4",
  editor =       "",
  number =       "",
  month =        "",
  note =         "",
}


@Inbook{Editor00,
  author =       "",
  editor =       "Ian Editor",
  title =        "The title of book one",
  subtitle =     "The book subtitle",
  series =       "The name of the series one",
  year =         "2007",
  volume =       "9",
  address =      "Chicago",
  edition =      "1st.",
  publisher =    "University of Chicago Press",
  doi =          "10.1007/3-540-09237-4",
  url =          "http://dx.doi.org/10.1007/3-540-09456-9",
  chapter =      "",
  pages =        "",
  number =       "",
  type =         "",
  month =        "",
  note =         "",
}

%
@InBook{Editor00a,
  author =       "",
  editor =       "Ian Editor",
  title =        "The title of book two",
  subtitle =     "The book subtitle",
  series =       "The name of the series two",
  year =         "2008",
  address =      "Chicago",
  edition =      "2nd.",
  publisher =    "University of Chicago Press",
  doi =          "10.1007/3-540-09237-4",
  url =          "http://dx.doi.org/10.1007/3-540-09456-9",
  volume =       "",
  chapter =      "100",
  pages =        "",
  number =       "",
  type =         "",
  month =        "",
  note =         "",
}


% incollection (has an editor, title, and possibly a booktitle)
@Incollection{Spector90,
  author =       "Asad Z. Spector",
  title =        "Achieving application requirements",
  booktitle =    "Distributed Systems",
  publisher =    "ACM Press",
  address =      "New York, NY",
  year =         "1990",
  edition =      "2nd.",
  chapter =      "",
  editor =       "Sape Mullender",
  pages =        "19--33",
  doi =          "10.1145/90417.90738",
  url =          "http://doi.acm.org/10.1145/90417.90738",
  volume =       "",
  number =       "",
  series =       "",
  type =         "",
  month =        "",
  note =         "",
}


% incollection (has an editor, title, and possibly a booktitle)
@Incollection{Douglass98,
  author =       "Bruce P. Douglass and David Harel and Mark B. Trakhtenbrot",
  title =        "Statecarts in use: structured analysis and object-orientation",
  series =       "Lecture Notes in Computer Science",
  booktitle =    "Lectures on Embedded Systems",
  publisher =    "Springer-Verlag",
  address =      "London",
  volume =       "1494",
  year =         "1998",
  chapter =      "",
  editor =       "Grzegorz Rozenberg and Frits W. Vaandrager",
  pages =        "368--394",
  doi =          "10.1007/3-540-65193-4_29",
  url =          "http://dx.doi.org/10.1007/3-540-65193-4_29",
  edition =      "",
  number =       "",
  type =         "",
  month =        "",
  note =         "",
}


@Book{Knuth97,
  author =       "Donald E. Knuth",
  title =        "The Art of Computer Programming, Vol. 1: Fundamental Algorithms (3rd. ed.)",
  publisher =    "Addison Wesley Longman Publishing Co., Inc.",
  year =         "1997",
  address =      "",
  edition =      "",
  editor =       "",
  volume =       "",
  number =       "",
  series =       "",
  month =        "",
  note =         "",
}


@Book{Knuth98,
  author =       "Donald E. Knuth",
  year =         "1998",
  title =        "The Art of Computer Programming",
  series =       "Fundamental Algorithms",
  volume =       "1",
  edition =      "3rd",
  address =      "",
  publisher =    "Addison Wesley Longman Publishing Co., Inc.",
  doi =          "",
  url =          "",
  editor =       "",
  number =       "",
  month =        "",
  note =         "(book)",
}

@inproceedings{huai2014major,
	title={Major technical advancements in apache hive},
	author={Huai, Yin and Chauhan, Ashutosh and Gates, Alan and Hagleitner, Gunther and Hanson, Eric N and O'Malley, Owen and Pandey, Jitendra and Yuan, Yuan and Lee, Rubao and Zhang, Xiaodong},
	booktitle={Proceedings of the 2014 ACM SIGMOD International Conference on Management of Data},
	pages={1235--1246},
	year={2014}
}

@inproceedings{begoli2018apache,
	title={Apache calcite: A foundational framework for optimized query processing over heterogeneous data sources},
	author={Begoli, Edmon and Camacho-Rodr{\'\i}guez, Jes{\'u}s and Hyde, Julian and Mior, Michael J and Lemire, Daniel},
	booktitle={Proceedings of the 2018 International Conference on Management of Data},
	pages={221--230},
	year={2018}
}

@inproceedings{saha2015apache,
	title={Apache tez: A unifying framework for modeling and building data processing applications},
	author={Saha, Bikas and Shah, Hitesh and Seth, Siddharth and Vijayaraghavan, Gopal and Murthy, Arun and Curino, Carlo},
	booktitle={Proceedings of the 2015 ACM SIGMOD International Conference on Management of Data},
	pages={1357--1369},
	year={2015}
}

@inproceedings{vavilapalli2013apache,
	title={Apache hadoop yarn: Yet another resource negotiator},
	author={Vavilapalli, Vinod Kumar and Murthy, Arun C and Douglas, Chris and Agarwal, Sharad and Konar, Mahadev and Evans, Robert and Graves, Thomas and Lowe, Jason and Shah, Hitesh and Seth, Siddharth and others},
	booktitle={Proceedings of the 4th Annual Symposium on Cloud Computing},
	pages={1--16},
	year={2013}
}

@article{chen2015peakvizor,
	title={Peakvizor: Visual analytics of peaks in video clickstreams from massive open online courses},
	author={Chen, Qing and Chen, Yuanzhe and Liu, Dongyu and Shi, Conglei and Wu, Yingcai and Qu, Huamin},
	journal={IEEE Transactions on Visualization and Computer Graphics},
	volume={22},
	number={10},
	pages={2315--2330},
	year={2015},
	publisher={IEEE}
}

@inproceedings{mu2019moocad,
	title={MOOCad: Visual Analysis of Anomalous Learning Activities in Massive Open Online Courses.},
	author={Mu, Xing and Xu, Ke and Chen, Qing and Du, Fan and Wang, Yun and Qu, Huamin},
	booktitle={EuroVis (Short Papers)},
	pages={91--95},
	year={2019}
}

@article{goulden2019ccvis,
	title={CCVis: Visual analytics of student online learning behaviors using course clickstream data},
	author={Goulden, Maggie Celeste and Gronda, Eric and Yang, Yurou and Zhang, Zihang and Tao, Jun and Wang, Chaoli and Duan, Xiaojing and Ambrose, G Alex and Abbott, Kevin and Miller, Patrick},
	journal={Electronic Imaging},
	volume={2019},
	number={1},
	pages={681--1},
	year={2019},
	publisher={Society for Imaging Science and Technology}
}

@inproceedings{he2019vuc,
	title={Vuc: Visualizing daily video utilization to promote student engagement in online distance education},
	author={He, Huan and Dong, Bo and Zheng, Qinghua and Li, Guobin},
	booktitle={Proceedings of the ACM Conference on Global Computing Education},
	pages={99--105},
	year={2019}
}

@article{chen2018viseq,
	title={ViSeq: Visual analytics of learning sequence in massive open online courses},
	author={Chen, Qing and Yue, Xuanwu and Plantaz, Xavier and Chen, Yuanzhe and Shi, Conglei and Pong, Ting-Chuen and Qu, Huamin},
	journal={IEEE Transactions on Visualization and Computer Graphics},
	volume={26},
	number={3},
	pages={1622--1636},
	year={2018},
	publisher={IEEE}
}

@article{zhao2014fluxflow,
	title={\# FluxFlow: Visual analysis of anomalous information spreading on social media},
	author={Zhao, Jian and Cao, Nan and Wen, Zhen and Song, Yale and Lin, Yu-Ru and Collins, Christopher},
	journal={IEEE Transactions on Visualization and Computer Graphics},
	volume={20},
	number={12},
	pages={1773--1782},
	year={2014},
	publisher={IEEE}
}

@article{law2018maqui,
	title={MAQUI: Interweaving queries and pattern mining for recursive event sequence exploration},
	author={Law, Po-Ming and Liu, Zhicheng and Malik, Sana and Basole, Rahul C},
	journal={IEEE Transactions on Visualization and Computer Graphics},
	volume={25},
	number={1},
	pages={396--406},
	year={2018},
	publisher={IEEE}
}

@inproceedings{malik2015cohort,
	title={Cohort comparison of event sequences with balanced integration of visual analytics and statistics},
	author={Malik, Sana and Du, Fan and Monroe, Megan and Onukwugha, Eberechukwu and Plaisant, Catherine and Shneiderman, Ben},
	booktitle={Proceedings of the 20th International Conference on Intelligent User Interfaces},
	pages={38--49},
	year={2015}
}

@inproceedings{wongsuphasawat2011outflow,
	title={Outflow: Visualizing patient flow by symptoms and outcome},
	author={Wongsuphasawat, Krist and Gotz, David},
	booktitle={IEEE VisWeek Workshop on Visual Analytics in Healthcare, Providence, Rhode Island, USA},
	pages={25--28},
	year={2011},
	organization={American Medical Informatics Association}
}


@article{guo2021survey,
	title={A survey on visual analysis of event sequence data},
	author={Guo, Yi and Guo, Shunan and Jin, Zhuochen and Kaul, Smiti and Gotz, David and Cao, Nan},
	journal={IEEE Transactions on Visualization and Computer Graphics},
	year={2021},
	publisher={IEEE}
}

@inproceedings{silva2000visualization,
	title={Visualization of linear time-oriented data: a survey},
	author={Silva, S{\^o}nia Fernandes and Catarci, Tiziana},
	booktitle={Proceedings of the first international conference on web information systems engineering},
	volume={1},
	pages={310--319},
	year={2000},
	organization={IEEE}
}

@inproceedings{wongsuphasawat2011lifeflow,
	title={LifeFlow: visualizing an overview of event sequences},
	author={Wongsuphasawat, Krist and Guerra G{\'o}mez, John Alexis and Plaisant, Catherine and Wang, Taowei David and Taieb-Maimon, Meirav and Shneiderman, Ben},
	booktitle={Proceedings of the SIGCHI Conference on Human Factors in Computing Systems},
	pages={1747--1756},
	year={2011}
}


@inproceedings{riehmann2005interactive,
	title={Interactive sankey diagrams},
	author={Riehmann, Patrick and Hanfler, Manfred and Froehlich, Bernd},
	booktitle={IEEE Symposium on Information Visualization, 2005. INFOVIS 2005.},
	pages={233--240},
	year={2005},
	organization={IEEE}
}

@article{gotz2019visual,
	title={Visual analysis of high-dimensional event sequence data via dynamic hierarchical aggregation},
	author={Gotz, David and Zhang, Jonathan and Wang, Wenyuan and Shrestha, Joshua and Borland, David},
	journal={IEEE Transactions on Visualization and Computer Graphics},
	volume={26},
	number={1},
	pages={440--450},
	year={2019},
	publisher={IEEE}
}

@inproceedings{wu2020visual,
	title={Visual analytics of multivariate event sequence data in racquet sports},
	author={Wu, Jiang and Guo, Ziyang and Wang, Zuobin and Xu, Qingyang and Wu, Yingcai},
	booktitle={2020 IEEE Conference on Visual Analytics Science and Technology (VAST)},
	pages={36--47},
	year={2020},
	organization={IEEE}
}

@article{malik2016high,
	title={High-volume hypothesis testing: Systematic exploration of event sequence comparisons},
	author={Malik, Sana and Shneiderman, Ben and Du, Fan and Plaisant, Catherine and Bjarnadottir, Margret},
	journal={ACM Transactions on Interactive Intelligent Systems (TiiS)},
	volume={6},
	number={1},
	pages={1--23},
	year={2016},
	publisher={ACM New York, NY, USA}
}

@article{cappers2017exploring,
	title={Exploring multivariate event sequences using rules, aggregations, and selections},
	author={Cappers, Bram CM and van Wijk, Jarke J},
	journal={IEEE Transactions on Visualization and Computer Graphics},
	volume={24},
	number={1},
	pages={532--541},
	year={2017},
	publisher={IEEE}
}

@inproceedings{zhao2015matrixwave,
	title={Matrixwave: Visual comparison of event sequence data},
	author={Zhao, Jian and Liu, Zhicheng and Dontcheva, Mira and Hertzmann, Aaron and Wilson, Alan},
	booktitle={Proceedings of the SIGCHI Conference on Human Factors in Computing Systems},
	pages={259--268},
	year={2015}
}

@article{jo2014livegantt,
	title={LiveGantt: Interactively visualizing a large manufacturing schedule},
	author={Jo, Jaemin and Huh, Jaeseok and Park, Jonghun and Kim, Bohyoung and Seo, Jinwook},
	journal={IEEE Transactions on Visualization and Computer Graphics},
	volume={20},
	number={12},
	pages={2329--2338},
	year={2014},
	publisher={IEEE}
}

@inproceedings{plaisant1996lifelines,
	title={LifeLines: visualizing personal histories},
	author={Plaisant, Catherine and Milash, Brett and Rose, Anne and Widoff, Seth and Shneiderman, Ben},
	booktitle={Proceedings of the SIGCHI Conference on Human Factors in Computing Systems},
	pages={221--227},
	year={1996}
}

@inproceedings{gathani2020debugging,
	title={Debugging database queries: A survey of tools, techniques, and users},
	author={Gathani, Sneha and Lim, Peter and Battle, Leilani},
	booktitle={Proceedings of the SIGCHI Conference on Human Factors in Computing Systems},
	pages={1--16},
	year={2020}
}

@article{gatterbauer2011databases,
	title={Databases will visualize queries too},
	author={Gatterbauer, Wolfgang},
	journal={Proceedings of the VLDB Endowment},
	volume={4},
	number={12},
	pages={1498--1501},
	year={2011},
	publisher={VLDB Endowment}
}

@inproceedings{danaparamita2011queryviz,
	title={QueryViz: helping users understand SQL queries and their patterns},
	author={Danaparamita, Jonathan and Gatterbauer, Wolfgang},
	booktitle={Proceedings of the 14th International Conference on Extending Database Technology},
	pages={558--561},
	year={2011}
}
@inproceedings{leventidis2020queryvis,
	title={QueryVis: Logic-based diagrams help users understand complicated SQL queries faster},
	author={Leventidis, Aristotelis and Zhang, Jiahui and Dunne, Cody and Gatterbauer, Wolfgang and Jagadish, HV and Riedewald, Mirek},
	booktitle={Proceedings of the 2020 ACM SIGMOD International Conference on Management of Data},
	pages={2303--2318},
	year={2020}
}

@article{gawade2012stethoscope,
	title={Stethoscope: a platform for interactive visual analysis of query execution plans},
	author={Gawade, Mrunal and Kersten, Martin},
	journal={Proceedings of the VLDB Endowment},
	volume={5},
	number={12},
	pages={1926--1929},
	year={2012},
	publisher={VLDB Endowment}
}

@inproceedings{koutrika2010explaining,
	title={Explaining structured queries in natural language},
	author={Koutrika, Georgia and Simitsis, Alkis and Ioannidis, Yannis E},
	booktitle={2010 IEEE 26th International Conference on Data Engineering (ICDE 2010)},
	pages={333--344},
	year={2010},
	organization={IEEE}
}

@inproceedings{simitsis2014vqa,
	title={VQA: vertica query analyzer},
	author={Simitsis, Alkis and Wilkinson, Kevin and Blais, Jason and Walsh, Joe},
	booktitle={Proceedings of the 2014 ACM SIGMOD International Conference on Management of Data},
	pages={701--704},
	year={2014}
}

@inproceedings{moritz2015perfopticon,
	title={Perfopticon: Visual query analysis for distributed databases},
	author={Moritz, Dominik and Halperin, Daniel and Howe, Bill and Heer, Jeffrey},
	booktitle={Computer Graphics Forum},
	volume={34},
	number={3},
	pages={71--80},
	year={2015},
	organization={Wiley Online Library}
}

@misc{tez-ui,
	author = {Apache Software Foundation},
	editor = {{ Apache Software Foundation}},
	title = {Tez UI},
    year={2023},
	url = {https://tez.apache.org/tez-ui.html},
	lastchecked = {2021-03-22},
	originalyear = {2019-03-29}
}

@misc{hadoop,
	author = {Apache Software Foundation},
	editor = {{Apache Software Foundation}},
	title = {The Apache Hadoop  project.},
    year={2023},
	url = {https://hadoop.apache.org/},
	lastchecked = {2021-03-22},
	originalyear = {2006-03-29}
}


@article{carbone2015apache,
	title={Apache flink: Stream and batch processing in a single engine},
	author={Carbone, Paris and Katsifodimos, Asterios and Ewen, Stephan and Markl, Volker and Haridi, Seif and Tzoumas, Kostas},
	journal={Bulletin of the IEEE Computer Society Technical Committee on Data Engineering},
	volume={36},
	number={4},
	year={2015},
	publisher={IEEE Computer Society}
}

@book{tukey1977exploratory,
	title={Exploratory data analysis},
	author={Tukey, John W and others},
	volume={2},
	year={1977},
	publisher={Reading, Mass.}
}

@article{keim2002pixel,
	title={Pixel bar charts: a visualization technique for very large multi-attribute data sets},
	author={Keim, Daniel A and Hao, Ming C and Dayal, Umesh and Hsu, Meichun},
	journal={Information Visualization},
	volume={1},
	number={1},
	pages={20--34},
	year={2002},
	publisher={SAGE Publications Sage UK: London, England}
}

@incollection{shneiderman2003eyes,
	title={The eyes have it: A task by data type taxonomy for information visualizations},
	author={Shneiderman, Ben},
	booktitle={The craft of information visualization},
	pages={364--371},
	year={2003},
	publisher={Elsevier}
}

@inproceedings{abouzied2012dataplay,
	title={Dataplay: interactive tweaking and example-driven correction of graphical database queries},
	author={Abouzied, Azza and Hellerstein, Joseph and Silberschatz, Avi},
	booktitle={Proceedings of the 25th annual ACM symposium on User interface software and technology},
	pages={207--218},
	year={2012}
}

@inproceedings{cerullo2007system,
	title={A system for database visual querying and query visualization: Complementing text and graphics to increase expressiveness},
	author={Cerullo, Claudio and Porta, Marco},
	booktitle={18th International Workshop on Database and Expert Systems Applications (DEXA 2007)},
	pages={109--113},
	year={2007},
	organization={IEEE}
}

@inproceedings{jaakkola2003visual,
	title={Visual SQL--high-quality ER-based query treatment},
	author={Jaakkola, Hannu and Thalheim, Bernhard},
	booktitle={International Conference on Conceptual Modeling},
	pages={129--139},
	year={2003},
	organization={Springer}
}

@inproceedings{halperin2014demonstration,
	title={Demonstration of the Myria big data management service},
	author={Halperin, Daniel and Teixeira de Almeida, Victor and Choo, Lee Lee and Chu, Shumo and Koutris, Paraschos and Moritz, Dominik and Ortiz, Jennifer and Ruamviboonsuk, Vaspol and Wang, Jingjing and Whitaker, Andrew and others},
	booktitle={Proceedings of the 2014 ACM SIGMOD International Conference on Management of data},
	pages={881--884},
	year={2014}
}

@book{clark1922gantt,
	title={The Gantt chart: A working tool of management},
	author={Clark, Wallace},
	year={1922},
	publisher={Ronald Press Company}
}

@article{chen2014visual,
	title={Visual abstraction and exploration of multi-class scatterplots},
	author={Chen, Haidong and Chen, Wei and Mei, Honghui and Liu, Zhiqi and Zhou, Kun and Chen, Weifeng and Gu, Wentao and Ma, Kwan-Liu},
	journal={IEEE Transactions on Visualization and Computer Graphics},
	volume={20},
	number={12},
	pages={1683--1692},
	year={2014},
	publisher={IEEE}
}

@article{micallef2017towards,
	title={Towards perceptual optimization of the visual design of scatterplots},
	author={Micallef, Luana and Palmas, Gregorio and Oulasvirta, Antti and Weinkauf, Tino},
	journal={IEEE Transactions on Visualization and Computer Graphics},
	volume={23},
	number={6},
	pages={1588--1599},
	year={2017},
	publisher={IEEE}
}


@online{rug_plot,
	title = {Rug plot},
	note={\url{https://en.wikipedia.org/wiki/Rug_plot}},
	year={2023}
 }



@online{dagre,
	title = {dagre - Graph layout for JavaScript},
	note={\url{https://github.com/dagrejs/dagre}},
	year={2023}
 }




@article{wongsuphasawat2017visualizing,
	title={Visualizing dataflow graphs of deep learning models in tensorflow},
	author={Wongsuphasawat, Kanit and Smilkov, Daniel and Wexler, James and Wilson, Jimbo and Mane, Dandelion and Fritz, Doug and Krishnan, Dilip and Vi{\'e}gas, Fernanda B and Wattenberg, Martin},
	journal={IEEE Transactions on Visualization and Computer Graphics},
	volume={24},
	number={1},
	pages={1--12},
	year={2017},
	publisher={IEEE}
}

@article{xu2019clouddet,
	title={Clouddet: Interactive visual analysis of anomalous performances in cloud computing systems},
	author={Xu, Ke and Wang, Yun and Yang, Leni and Wang, Yifang and Qiao, Bo and Qin, Si and Xu, Yong and Zhang, Haidong and Qu, Huamin},
	journal={IEEE Transactions on Visualization and Computer Graphics},
	volume={26},
	number={1},
	pages={1107--1117},
	year={2019},
	publisher={IEEE}
}

@article{goodall2018situ,
	title={Situ: Identifying and explaining suspicious behavior in networks},
	author={Goodall, John R and Ragan, Eric D and Steed, Chad A and Reed, Joel W and Richardson, G David and Huffer, Kelly MT and Bridges, Robert A and Laska, Jason A},
	journal={IEEE Transactions on Visualization and Computer Graphics},
	volume={25},
	number={1},
	pages={204--214},
	year={2018},
	publisher={IEEE}
}

@inproceedings{yoon2016dbsherlock,
	title={DBSherlock: A performance diagnostic tool for transactional databases},
	author={Yoon, Dong Young and Niu, Ning and Mozafari, Barzan},
	booktitle={Proceedings of the 2016 International Conference on Management of Data},
	pages={1599--1614},
	year={2016}
}

@article{ma2020diagnosing,
	title={Diagnosing root causes of intermittent slow queries in cloud databases},
	author={Ma, Minghua and Yin, Zheng and Zhang, Shenglin and Wang, Sheng and Zheng, Christopher and Jiang, Xinhao and Hu, Hanwen and Luo, Cheng and Li, Yilin and Qiu, Nengjun and others},
	journal={Proceedings of the VLDB Endowment},
	volume={13},
	number={8},
	pages={1176--1189},
	year={2020},
	publisher={VLDB Endowment}
}

@article{borthakur2007hadoop,
  title={The hadoop distributed file system: Architecture and design},
  author={Borthakur, Dhruba},
  journal={Hadoop Project Website},
  volume={11},
  number={2007},
  pages={21},
  year={2007}
}

@article{carbone2015apache,
  title={Apache flink: Stream and batch processing in a single engine},
  author={Carbone, Paris and Katsifodimos, Asterios and Ewen, Stephan and Markl, Volker and Haridi, Seif and Tzoumas, Kostas},
  journal={Bulletin of the IEEE Computer Society Technical Committee on Data Engineering},
  volume={36},
  number={4},
  year={2015},
  publisher={IEEE Computer Society}
}
@inproceedings{jeyakumar2019explainit,
  title={ExplainIt!--A declarative root-cause analysis engine for time series data},
  author={Jeyakumar, Vimalkumar and Madani, Omid and Parandeh, Ali and Kulshreshtha, Ashutosh and Zeng, Weifei and Yadav, Navindra},
  booktitle={Proceedings of the 2019 International Conference on Management of Data},
  pages={333--348},
  year={2019}
}


@online{cloudera-manager,
	title = {Cloudera Manager: Hadoop Administration tool},
	note={\url{https://www.cloudera.com/products/product-components/cloudera-manager.html}},
	year={2022}
}

@inproceedings{duan2009fa,
	title={Fa: A system for automating failure diagnosis},
	author={Duan, Songyun and Babu, Shivnath and Munagala, Kamesh},
	booktitle={2009 IEEE 25th International Conference on Data Engineering},
	pages={1012--1023},
	year={2009},
	organization={IEEE}
}

@inproceedings{benoit2005automatic,
  title={Automatic diagnosis of performance problems in database management systems},
  author={Benoit, Darcy G},
  booktitle={Second International Conference on Autonomic Computing (ICAC'05)},
  pages={326--327},
  year={2005},
  organization={IEEE}
}

@inproceedings{roy2015perfaugur,
  title={Perfaugur: Robust diagnostics for performance anomalies in cloud services},
  author={Roy, Sudip and K{\"o}nig, Arnd Christian and Dvorkin, Igor and Kumar, Manish},
  booktitle={2015 IEEE 31st International Conference on Data Engineering},
  pages={1167--1178},
  year={2015},
  organization={IEEE}
}

@inproceedings{dias2005automatic,
  title={Automatic Performance Diagnosis and Tuning in Oracle.},
  author={Dias, Karl and Ramacher, Mark and Shaft, Uri and Venkataramani, Venkateshwaran and Wood, Graham},
  booktitle={CIDR},
  pages={84--94},
  year={2005}
}

@article{khoussainova2012perfxplain,
  title={Perfxplain: debugging mapreduce job performance},
  author={Khoussainova, Nodira and Balazinska, Magdalena and Suciu, Dan},
  journal={arXiv preprint arXiv:1203.6400},
  year={2012}
}

@article{mahimkar2009towards,
  title={Towards automated performance diagnosis in a large IPTV network},
  author={Mahimkar, Ajay Anil and Ge, Zihui and Shaikh, Aman and Wang, Jia and Yates, Jennifer and Zhang, Yin and Zhao, Qi},
  journal={ACM SIGCOMM Computer Communication Review},
  volume={39},
  number={4},
  pages={231--242},
  year={2009},
  publisher={ACM New York, NY, USA}
}

@inproceedings{wang2015data,
  title={Data x-ray: A diagnostic tool for data errors},
  author={Wang, Xiaolan and Dong, Xin Luna and Meliou, Alexandra},
  booktitle={Proceedings of the 2015 ACM SIGMOD International Conference on Management of Data},
  pages={1231--1245},
  year={2015}
}

@inproceedings{wang2017qfix,
  title={QFix: Diagnosing errors through query histories},
  author={Wang, Xiaolan and Meliou, Alexandra and Wu, Eugene},
  booktitle={Proceedings of the 2017 ACM International Conference on Management of Data},
  pages={1369--1384},
  year={2017}
}

@inproceedings{teoh2019perfdebug,
  title={Perfdebug: Performance debugging of computation skew in dataflow systems},
  author={Teoh, Jason and Gulzar, Muhammad Ali and Xu, Guoqing Harry and Kim, Miryung},
  booktitle={Proceedings of the ACM Symposium on Cloud Computing},
  pages={465--476},
  year={2019}
}

@inproceedings{liu2020fluxinfer,
  title={FluxInfer: Automatic Diagnosis of Performance Anomaly for Online Database System},
  author={Liu, Ping and Zhang, Shenglin and Sun, Yongqian and Meng, Yuan and Yang, Jiahai and Pei, Dan},
  booktitle={2020 IEEE 39th International Performance Computing and Communications Conference (IPCCC)},
  pages={1--8},
  year={2020},
  organization={IEEE}
}

@article{di2021stratisfimal,
	title={STRATISFIMAL LAYOUT: A modular optimization model for laying out layered node-link network visualizations},
	author={Di Bartolomeo, Sara and Riedewald, Mirek and Gatterbauer, Wolfgang and Dunne, Cody},
	journal={IEEE Transactions on Visualization and Computer Graphics},
	volume={28},
	number={1},
	pages={324--334},
	year={2021},
	publisher={IEEE}
}


@online{elephant,
	title = {Dr. Elephant - Monitoring and Tuning Apache Spark Jobs on Hadoop},
	note={\url{https://github.com/linkedin/dr-elephant}},
	year={2021}
}


@online{tezui,
	title = {Tez UI},
	note={\url{https://tez.apache.org/tez-ui.html}},
	year={2023}
}


@online{sparkui,
	title = {Spark Web UI},
	note={\url{https://spark.apache.org/docs/latest/web-ui.html}},
	year={2023}
}


@online{datadog,
	title = {Datadog},
	note={\url{https://www.datadoghq.com/}},
	year={2023}
}



@online{sparklint,
	title = {Sparklint},
	note={\url{https://github.com/groupon/sparklint}},
	year={2023}
}



@online{ambrose,
	title = {Ambrose},
	note={\url{http://github.com/twitter/ambrose/}},
	year={2023}
}

@online{tez,
	title = {Apache Tez},
	note={\url{https://tez.apache.org/}},
	year={2023}
}

@online{spark,
	title = {Apache Pig},
	note={\url{https://pig.apache.org/}},
	year={2023}
}

@online{pig,
	title = {Apache Sparke-Unified engine for large-scale data analytics},
	note={\url{https://spark.apache.org/}},
	year={2021}
}


@online{hive,
	title = {Apache Hive},
	note={\url{https://hive.apache.org/}},
	year={2023}
}

@online{Nifi,
	title = {Apache NiFi monitoring},
	note={\url{https://nifi.apache.org/}},
	year={2021}
}

@online{elastic,
	title = {Elastic Stack},
	note={\url{https://www.elastic.co/}},
	year={2023}
}

@online{grafana,
	title = {Grafana},
	note={\url{https://grafana.com/}},
	year={2023}
}

@online{inviso,
	title = {Inviso},
	note={\url{https://github.com/Netflix/inviso}},
	year={2023}
}

@online{prometheus,
	title = {Prometheus},
	note={\url{https://prometheus.io/}},
	year={2023}
}



@online{kafka,
	title = {APACHE KAFKA},
	note={\url{https://kafka.apache.org/}},
	year={2023}
}


@inproceedings{battle2016making,
	title={Making sense of temporal queries with interactive visualization},
	author={Battle, Leilani and Fisher, Danyel and DeLine, Robert and Barnett, Mike and Chandramouli, Badrish and Goldstein, Jonathan},
	booktitle={Proceedings of the 2016 CHI Conference on Human Factors in Computing Systems},
	pages={5433--5443},
	year={2016}
}

@article{munzner2009nested,
	title={A nested model for visualization design and validation},
	author={Munzner, Tamara},
	journal={IEEE transactions on visualization and computer graphics},
	volume={15},
	number={6},
	pages={921--928},
	year={2009},
	publisher={IEEE}
}

@inproceedings{sigovan2013visualizing,
	title={Visualizing Large-scale Parallel Communication Traces Using a Particle Animation Technique},
	author={Sigovan, Carmen and Muelder, Chris W and Ma, Kwan-Liu},
	booktitle={Computer Graphics Forum},
	volume={32},
	number={3pt2},
	pages={141--150},
	year={2013},
	organization={Wiley Online Library}
}

@article{muelder2009visual,
	title={Visual analysis of inter-process communication for large-scale parallel computing},
	author={Muelder, Chris and Gygi, Francois and Ma, Kwan-Liu},
	journal={IEEE Transactions on Visualization and Computer Graphics},
	volume={15},
	number={6},
	pages={1129--1136},
	year={2009},
	publisher={IEEE}
}

@inproceedings{tan2010visual,
	title={Visual, log-based causal tracing for performance debugging of mapreduce systems},
	author={Tan, Jiaqi and Kavulya, Soila and Gandhi, Rajeev and Narasimhan, Priya},
	booktitle={2010 IEEE 30th International Conference on Distributed Computing Systems},
	pages={795--806},
	year={2010},
	organization={IEEE}
}

@article{zhao2017skylens,
	title={Skylens: Visual analysis of skyline on multi-dimensional data},
	author={Zhao, Xun and Wu, Yanhong and Cui, Weiwei and Du, Xinnan and Chen, Yuan and Wang, Yong and Lee, Dik Lun and Qu, Huamin},
	journal={IEEE Transactions on Visualization and Computer Graphics},
	volume={24},
	number={1},
	pages={246--255},
	year={2017},
	publisher={IEEE}
}


@inproceedings{sun2021daisen,
	title={Daisen: A Framework for Visualizing Detailed GPU Execution},
	author={Sun, Yifan and Zhang, Yixuan and Mosallaei, Ali and Shah, Michael D and Dunne, Cody and Kaeli, David},
	booktitle={Computer Graphics Forum},
	volume={40},
	number={3},
	pages={239--250},
	year={2021},
	organization={Wiley Online Library}
}



@article{sakin2022traveler,
  title={Traveler: Navigating task parallel traces for performance analysis},
  author={Sakin, Sayef Azad and Bigelow, Alex and Tohid, R and Scully-Allison, Connor and Scheidegger, Carlos and Brandt, Steven R and Taylor, Christopher and Huck, Kevin A and Kaiser, Hartmut and Isaacs, Katherine E},
  journal={IEEE Transactions on Visualization and Computer Graphics},
  volume={29},
  number={1},
  pages={788--797},
  year={2022},
  publisher={IEEE}
}

@article{sedlmair2012design,
	title={Design study methodology: Reflections from the trenches and the stacks},
	author={Sedlmair, Michael and Meyer, Miriah and Munzner, Tamara},
	journal={IEEE Transactions on Visualization and Computer Graphics},
	volume={18},
	number={12},
	pages={2431--2440},
	year={2012},
	publisher={IEEE}
}

@article{brasseur2005florence,
  title={Florence Nightingale's visual rhetoric in the rose diagrams},
  author={Brasseur, Lee},
  journal={Technical Communication Quarterly},
  volume={14},
  number={2},
  pages={161--182},
  year={2005},
  publisher={Taylor \& Francis}
}
% new entries from Bo

@inproceedings{thusoo2010hive,
  title={Hive-a petabyte scale data warehouse using hadoop},
  author={Thusoo, Ashish and Sarma, Joydeep Sen and Jain, Namit and Shao, Zheng and Chakka, Prasad and Zhang, Ning and Antony, Suresh and Liu, Hao and Murthy, Raghotham},
  booktitle={2010 IEEE 26th International Conference on Data Engineering (ICDE 2010)},
  pages={996--1005},
  year={2010},
  organization={IEEE}
}

% @inproceedings{thusoo2010hive,
%   title={Hive-a petabyte scale data warehouse using hadoop},
%   author={Thusoo, Ashish and Sarma, Joydeep Sen and Jain, Namit and Shao, Zheng and Chakka, Prasad and Zhang, Ning and Antony, Suresh and Liu, Hao and Murthy, Raghotham},
%   booktitle={2010 IEEE 26th International Conference on Data Engineering (ICDE 2010)},
%   pages={996--1005},
%   year={2010},
%   organization={IEEE}
% }

@article{thusoo2009hive,
	title={Hive: a warehousing solution over a map-reduce framework},
	author={Thusoo, Ashish and Sarma, Joydeep Sen and Jain, Namit and Shao, Zheng and Chakka, Prasad and Anthony, Suresh and Liu, Hao and Wyckoff, Pete and Murthy, Raghotham},
	journal={Proceedings of the VLDB Endowment},
	volume={2},
	number={2},
	pages={1626--1629},
	year={2009},
	publisher={VLDB Endowment}
}

@online{hadoop,
    title = {Apache Hadoop},
    year = {2021},
    url  = {https://hadoop.apache.org/}
}

@inproceedings{saha2015apache,
  title={Apache tez: A unifying framework for modeling and building data processing applications},
  author={Saha, Bikas and Shah, Hitesh and Seth, Siddharth and Vijayaraghavan, Gopal and Murthy, Arun and Curino, Carlo},
  booktitle={SIGMOD},
  pages={1357--1369},
  year={2015}
}

@online{spark,
    title = {Apache Spark},
    year = {2023},
    url  = {https://en.wikipedia.org/wiki/Apache_Spark}
}

@inproceedings{vavilapalli2013apache,
  title={Apache hadoop yarn: Yet another resource negotiator},
  author={Vavilapalli, Vinod Kumar and Murthy, Arun C and Douglas, Chris and Agarwal, Sharad and Konar, Mahadev and Evans, Robert and Graves, Thomas and Lowe, Jason and Shah, Hitesh and Seth, Siddharth and others},
  booktitle={SoCC},
  pages={1--16},
  year={2013}
}


@inproceedings{liu2022ghive,
  title={GHive: accelerating analytical query processing in apache hive via CPU-GPU heterogeneous computing},
  author={Liu, Haotian and Tang, Bo and Zhang, Jiashu and Deng, Yangshen and Yan, Xiao and Zheng, Xinying and Shen, Qiaomu and Zeng, Dan and Mao, Zunyao and Zhang, Chaozu and others},
  booktitle={Proceedings of the 13th Symposium on Cloud Computing},
  pages={158--172},
  year={2022}
}

% @inproceedings{liu2022ghive,
%   title={GHive: accelerating analytical query processing in apache hive via CPU-GPU heterogeneous computing},
%   author={Liu, Haotian and Tang, Bo and Zhang, Jiashu and Deng, Yangshen and Yan, Xiao and Zheng, Xinying and Shen, Qiaomu and Zeng, Dan and Mao, Zunyao and Zhang, Chaozu and others},
%   booktitle={Proceedings of the 13th Symposium on Cloud Computing},
%   pages={158--172},
%   year={2022}
% }


@inproceedings{drebes2014aftermath,
	title={Aftermath: A graphical tool for performance analysis and debugging of fine-grained task-parallel programs and run-time systems},
	author={Drebes, Andi and Pop, Antoniu and Heydemann, Karine and Cohen, Albert and Drach-Temam, Nathalie},
	booktitle={7th Workshop on Programmability Issues for Heterogeneous Multicores (MULTIPROG, associated with HiPEAC), Vienna, Austria},
	year={2014}
}


@article{nagel1996vampir,
	title={VAMPIR: Visualization and analysis of MPI resources},
	author={Nagel, Wolfgang E and Arnold, Alfred and Weber, Michael and Hoppe, Hans-Christian and Solchenbach, Karl},
	year={1996}
}

@inproceedings{pinto2016analyzing,
	title={Analyzing dynamic task-based applications on hybrid platforms: An agile scripting approach},
	author={Pinto, Vin{\'\i}cius Garcia and Stanisic, Luka and Legrand, Arnaud and Schnorr, Lucas Mello and Thibault, Samuel and Danjean, Vincent},
	booktitle={2016 Third Workshop on Visual Performance Analysis (VPA)},
	pages={17--24},
	year={2016},
	organization={IEEE}
}

@article{xie2018visual,
	title={A visual analytics framework for the detection of anomalous call stack trees in high performance computing applications},
	author={Xie, Cong and Xu, Wei and Mueller, Klaus},
	journal={IEEE Transactions on Visualization and Computer Graphics},
	volume={25},
	number={1},
	pages={215--224},
	year={2018},
	publisher={IEEE}
}


@article{khoussainova2012perfxplain,
	title={Perfxplain: debugging mapreduce job performance},
	author={Khoussainova, Nodira and Balazinska, Magdalena and Suciu, Dan},
	journal={arXiv preprint arXiv:1203.6400},
	year={2012}
}

@inproceedings{teoh2019perfdebug,
	title={Perfdebug: Performance debugging of computation skew in dataflow systems},
	author={Teoh, Jason and Gulzar, Muhammad Ali and Xu, Guoqing Harry and Kim, Miryung},
	booktitle={Proceedings of the ACM Symposium on Cloud Computing},
	pages={465--476},
	year={2019}
}


@inproceedings{li2019visual,
	title={A visual analytics framework for analyzing parallel and distributed computing applications},
	author={Li, Jianping Kelvin and Fujiwara, Takanori and Kesavan, Suraj P and Ross, Caitlin and Mubarak, Misbah and Carothers, Christopher D and Ross, Robert B and Ma, Kwan-Liu},
	booktitle={2019 IEEE Visualization in Data Science (VDS)},
	pages={1--9},
	year={2019},
	organization={IEEE}
}

@inproceedings{kesavan2020visual,
	title={A visual analytics framework for reviewing streaming performance data},
	author={Kesavan, Suraj P and Fujiwara, Takanori and Li, Jianping Kelvin and Ross, Caitlin and Mubarak, Misbah and Carothers, Christopher D and Ross, Robert B and Ma, Kwan-Liu},
	booktitle={2020 IEEE Pacific Visualization Symposium (PacificVis)},
	pages={206--215},
	year={2020},
	organization={IEEE}
}

@article{fujiwara2018visual,
	title={A visual analytics system for optimizing the performance of large-scale networks in supercomputing systems},
	author={Fujiwara, Takanori and Li, Jianping Kelvin and Mubarak, Misbah and Ross, Caitlin and Carothers, Christopher D and Ross, Robert B and Ma, Kwan-Liu},
	journal={Visual Informatics},
	volume={2},
	number={1},
	pages={98--110},
	year={2018},
	publisher={Elsevier}
}

@article{alsubaiee2014asterixdb,
	title={AsterixDB: A scalable, open source BDMS},
	author={Alsubaiee, Sattam and Altowim, Yasser and Altwaijry, Hotham and Behm, Alexander and Borkar, Vinayak and Bu, Yingyi and Carey, Michael and Cetindil, Inci and Cheelangi, Madhusudan and Faraaz, Khurram and others},
	journal={arXiv preprint arXiv:1407.0454},
	year={2014}
}

@inproceedings{bittorf2015impala,
	title={Impala: A modern, open-source SQL engine for Hadoop},
	author={Bittorf, MKABV and Bobrovytsky, Taras and Erickson, CCACJ and Hecht, Martin Grund Daniel and Kuff, MJIJL and Leblang, Dileep Kumar Alex and Robinson, NLIPH and Rus, David Rorke Silvius and Wanderman, JRDTS and Yoder, Milne Michael},
	booktitle={Proceedings of the 7th biennial conference on innovative data systems research},
	pages={1--10},
	year={2015}
}

@article{chaiken2008scope,
	title={Scope: easy and efficient parallel processing of massive data sets},
	author={Chaiken, Ronnie and Jenkins, Bob and Larson, Per-{\AA}ke and Ramsey, Bill and Shakib, Darren and Weaver, Simon and Zhou, Jingren},
	journal={Proceedings of the VLDB Endowment},
	volume={1},
	number={2},
	pages={1265--1276},
	year={2008},
	publisher={VLDB Endowment}
}